% This file was created with JabRef 2.10.
% Encoding: UTF-8


@Article{Aissi2009,
  Title                    = {Min-max and min-max regret versions of combinatorial optimization problems: A survey},
  Author                   = {Aissi, H. and Bazgan, C. and Vanderpooten, D.},
  Journal                  = {European journal of operational research},
  Year                     = {2009},
  Number                   = {2},
  Pages                    = {427--438},
  Volume                   = {197},

  Publisher                = {Elsevier}
}

@Article{Atzori2010,
  Title                    = {The internet of things: A survey},
  Author                   = {Atzori, Luigi and Iera, Antonio and Morabito, Giacomo},
  Journal                  = {Computer networks},
  Year                     = {2010},
  Number                   = {15},
  Pages                    = {2787-2805},
  Volume                   = {54},

  Publisher                = {Elsevier}
}

@Article{Averbakh2005,
  Title                    = {Computing and minimizing the relative regret in combinatorial optimization with interval data},
  Author                   = {Averbakh, I.},
  Journal                  = {Discrete Optimization},
  Year                     = {2005},
  Pages                    = {273--287},
  Volume                   = {2},

  Owner                    = {iago},
  Timestamp                = {2015.02.11}
}

@Article{Averbakh2004,
  Title                    = {Interval data minmax regret network optimization problems},
  Author                   = {Averbakh, I. and Lebedev, V.},
  Journal                  = {Discrete Applied Mathematics},
  Year                     = {2004},
  Pages                    = {289--301},
  Volume                   = {138},

  Owner                    = {iago},
  Timestamp                = {2015.02.11}
}

@TechReport{Bellman1956,
  Title                    = {On a routing problem},
  Author                   = {Bellman, R.},
  Institution              = {DTIC Document},
  Year                     = {1956},

  Owner                    = {iago},
  Timestamp                = {2014.11.28}
}

@Article{Ben-Tal2002,
  Title                    = {Robust optimization--methodology and applications},
  Author                   = {Ben-Tal, A. and Nemirovski, A.},
  Journal                  = {Mathematical Programming},
  Year                     = {2002},
  Number                   = {3},
  Pages                    = {453--480},
  Volume                   = {92},

  Publisher                = {Springer}
}

@Article{Bertsekas1991,
  Title                    = {An analysis of stochastic shortest path problems},
  Author                   = {Bertsekas, D. P. and Tsitsiklis, J. N.},
  Journal                  = {Mathematics of Operations Research},
  Year                     = {1991},
  Pages                    = {580--595},
  Volume                   = {16}
}

@Book{Bondy1976,
  Title                    = {Graph theory with applications},
  Author                   = {Bondy, John Adrian and Murty, Uppaluri Siva Ramachandra},
  Publisher                = {Macmillan London},
  Year                     = {1976},
  Volume                   = {290}
}

@Article{Candia-Vejar2011,
  Title                    = {Minmax regret combinatorial optimization problems: an algorithmic perspective},
  Author                   = {Candia-V{\'e}jar, A. and {\'A}lvarez-Miranda, E. and Maculan, N.},
  Journal                  = {RAIRO-Operation Reserach},
  Year                     = {2011},
  Pages                    = {101--129},
  Volume                   = {45},
  Publisher                = {Cambridge Univ Press},

  Owner                    = {iago},
  Timestamp                = {2015.02.11}
}

@Article{Catanzaro2011,
  Title                    = {Reduction approaches for robust shortest path problems},
  Author                   = {D. Catanzaro and M. Labb{\'e} and M. Salazar-Neumann},
  Journal                  = {Computers \& Operations Research},
  Year                     = {2011},
  Pages                    = {1610--1619},
  Volume                   = {38},

  Owner                    = {iago},
  Timestamp                = {2015.02.11}
}

@Article{Chandy1982,
  Title                    = {Distributed computation on graphs: Shortest path algorithms},
  Author                   = {Chandy, K Mani and Misra, Jayadev},
  Journal                  = {Communications of the ACM},
  Year                     = {1982},
  Number                   = {11},
  Pages                    = {833--837},
  Volume                   = {25},

  Publisher                = {ACM}
}

@Article{Chang2010,
  Title                    = {Multipath design for 6LoWPAN ad hoc on-demand distance vector routing},
  Author                   = {Chang, Jian-Ming and Yang, Hsin-Yun and Chao, Han-Chieh and Chen, Jiann-Liang},
  Journal                  = {International Journal of Information Technology, Communications and Convergence},
  Year                     = {2010},
  Number                   = {1},
  Pages                    = {24--40},
  Volume                   = {1},

  Publisher                = {Inderscience}
}

@Article{Coco2014,
  Title                    = {An integer linear programming formulation and heuristics for the minmax relative regret robust shortest path problem},
  Author                   = {Amadeu Almeida Coco and Jo{\~a}o Carlos Abreu J\'{u}nior and Thiago F. Noronha and Andr\'{e}a Cynthia Santos},
  Journal                  = {Journal of Global Optimization},
  Year                     = {2014},
  Number                   = {2},
  Pages                    = {265-287},
  Volume                   = {60},

  ISSN                     = {0925-5001},
  Keywords                 = {Robust shortest path; Uncertain data; Heuristics; Mathematical modeling},
  Language                 = {English},
  Publisher                = {Springer US}
}

@Article{Conde2012,
  Title                    = {On a constant factor approximation for minmax regret problems using a symmetry point scenario},
  Author                   = {E. Conde},
  Journal                  = {European Journal of Operational Research},
  Year                     = {2012},
  Pages                    = {452--457},
  Volume                   = {219},

  Owner                    = {iago},
  Timestamp                = {2015.02.11}
}

@InCollection{Cormen2009,
  Title                    = {Single-Source Shortest Paths},
  Author                   = {Cormen, T. H. and Leiserson, C. E. and Rivest, R. L. and Stein, C.},
  Booktitle                = {Introduction to Algorithms},
  Publisher                = {MIT Press Cambridge},
  Year                     = {2009},
  Pages                    = {580--619},

  Owner                    = {iagoac},
  Timestamp                = {2014.10.09}
}

@Article{Dijkstra1959,
  Title                    = {A note on two problems in connexion with graphs},
  Author                   = {Dijkstra, E. W.},
  Journal                  = {Numerische mathematik},
  Year                     = {1959},
  Number                   = {1},
  Pages                    = {269-271},
  Volume                   = {1},

  Publisher                = {Springer}
}

@Article{Duin1999,
  Title                    = {The pilot method: A strategy for heuristic repetition with application to the Steiner problem in graphs},
  Author                   = {Duin, Cees and Vo{\ss}, Stefan},
  Journal                  = {Networks},
  Year                     = {1999},
  Number                   = {3},
  Pages                    = {181--191},
  Volume                   = {34}
}

@Article{Escoffier2008,
  Title                    = {Some tractable instances of interval data minmax regret problems},
  Author                   = {Escoffier, Bruno and Monnot, J{\'{e}}r{\^{o}}me and Spanjaard, Olivier},
  Journal                  = {Operations Research Letters},
  Year                     = {2008},
  Pages                    = {424-429},
  Volume                   = {36},

  Owner                    = {iago},
  Timestamp                = {2015.02.11}
}

@Article{Gabrel2013,
  Title                    = {New models for the robust shortest path problem: complexity, resolution and generalization},
  Author                   = {Gabrel, V. and Murat, C. and Wu, L.},
  Journal                  = {Annals of Operations Research},
  Year                     = {2013},
  Pages                    = {97--120},
  Volume                   = {207},

  Owner                    = {iago},
  Publisher                = {Springer US},
  Timestamp                = {2015.02.11}
}

@Book{Giusto2010,
  Title                    = {The Internet of Things},
  Author                   = {Giusto, Daniel and Lera, Antonio and Morabito, Giacomo and Atzori, Luigi},
  Publisher                = {Springer},
  Year                     = {2010}
}

@Article{Humblet1991,
  Title                    = {Another adaptive distributed shortest path algorithm},
  Author                   = {Humblet, Pierre A},
  Journal                  = {IEEE transactions on communications},
  Year                     = {1991},
  Number                   = {6},
  Pages                    = {995--1003},
  Volume                   = {39}
}

@TechReport{Karasan2001,
  Title                    = {The robust shortest path problem with interval data},
  Author                   = {Kara\c{s}an, O. E. and Yaman, H and Pinar, M. C.},
  Institution              = {Bilkent University, Department of Industrial Engineering},
  Year                     = {2001},

  Owner                    = {iago},
  Timestamp                = {2014.11.02}
}

@InBook{Kasperski2005,
  Title                    = {Minimizing maximal regret in discrete optimization problems with interval data},
  Author                   = {A. Kasperski and P. Kobylan{\'s}ki and M. Kulej and P. Zieli{\'n}ski},
  Pages                    = {193--208},
  Publisher                = {Akademicka Oficyna Wydawnicza EXIT, Warszawa},
  Year                     = {2005},

  Owner                    = {iago},
  Timestamp                = {2015.02.11}
}

@Article{Kasperski2007,
  Title                    = {On the existence of an FPTAS for minmax regret combinatorial optimization problems with interval data},
  Author                   = {Kasperski, Adam and Zieli{\'n}ski, Pawe{\l}},
  Journal                  = {Operations Research Letters},
  Year                     = {2007},
  Number                   = {4},
  Pages                    = {525--532},
  Volume                   = {35},

  Publisher                = {Elsevier}
}

@Article{Kasperski2006,
  Title                    = {An approximation algorithm for interval data minmax regret combinatorial optimization problems},
  Author                   = {Kasperski, A. and Zieli{\'n}ski, P.},
  Journal                  = {Information Processing Letters},
  Year                     = {2006},
  Number                   = {5},
  Pages                    = {177--180},
  Volume                   = {97},

  Publisher                = {Elsevier}
}

@Book{Kouvelis1997,
  Title                    = {Robust discrete optimization and its applications},
  Author                   = {Kouvelis, P. and Yu, G.},
  Publisher                = {Springer},
  Year                     = {1997},
  Series                   = {Nonconvex optimization and its applications},
  Volume                   = {14}
}

@Article{Montemanni2007,
  Title                    = {The robust traveling salesman problem with interval data},
  Author                   = {Montemanni, R. and Barta, J. and Mastrolilli, M. and Gambardella, L. M.},
  Journal                  = {Transportation Science},
  Year                     = {2007},
  Number                   = {3},
  Pages                    = {366--381},
  Volume                   = {41},

  Publisher                = {INFORMS}
}

@Article{Montemanni2005,
  Title                    = {A branch and bound algorithm for the robust spanning tree problem with interval data},
  Author                   = {Montemanni, Roberto and Gambardella, Luca Maria},
  Journal                  = {European Journal of Operational Research},
  Year                     = {2005},
  Number                   = {3},
  Pages                    = {771--779},
  Volume                   = {161},

  Publisher                = {Elsevier}
}

@Article{Montemanni2005b,
  Title                    = {The robust shortest path problem with interval data via Benders decomposition},
  Author                   = {Montemanni, Roberto and Gambardella, Luca Maria},
  Journal                  = {4OR},
  Year                     = {2005},
  Number                   = {4},
  Pages                    = {315--328},
  Volume                   = {3},

  Publisher                = {Springer}
}

@Article{Montemanni2004,
  Title                    = {A branch and bound algorithm for the robust shortest path problem with interval data},
  Author                   = {Montemanni, Roberto and Gambardella, Luca Maria and Donati, Alberto V},
  Journal                  = {Operations Research Letters},
  Year                     = {2004},
  Number                   = {3},
  Pages                    = {225--232},
  Volume                   = {32},

  Publisher                = {Elsevier}
}

@Article{Nie2009,
  Title                    = {Shortest path problem considering on-time arrival probability},
  Author                   = {Y. Nie and X. Wu},
  Journal                  = {Transportation Research Part B},
  Year                     = {2009},
  Pages                    = {597--613},
  Volume                   = {43}
}

@InProceedings{Perez2012,
  Title                    = {A simulated annealing approach for the minmax regret path problem},
  Author                   = {P{\'e}rez, Francisco and Astudillo, C{\'e}sar A and Bardeen, Matthew and Candia-V{\'e}jar, Alfredo},
  Booktitle                = {Proceedings of the Congresso Latino Americano de Investigaci{\'o}n Operativa (CLAIO) - Simp{\'o}sio Brasileiro de Pesquisa Operacional (SBPO)},
  Year                     = {2012}
}

@Article{Salazar-Neumann2007,
  Title                    = {The Robust Minimum Spanning Tree Problem: Compact and Convex Uncertainty},
  Author                   = {Salazar-Neumann, M.},
  Journal                  = {Operations research letters},
  Year                     = {2007},
  Number                   = {1},
  Pages                    = {17--22},
  Volume                   = {35},

  Publisher                = {Elsevier}
}

@InProceedings{Salazar-Neumann2007a,
  Title                    = {The robust shortest path and the single-source shortest path problems: interval data},
  Author                   = {Martha Salazar-Neumann},
  Booktitle                = {Annales Du LAMSADE},
  Year                     = {2007},

  Owner                    = {iago},
  Timestamp                = {2015.02.11}
}

@Book{Shelby2011,
  Title                    = {6LoWPAN: The wireless embedded Internet},
  Author                   = {Shelby, Zach and Bormann, Carsten},
  Publisher                = {John Wiley \& Sons},
  Year                     = {2011},
  Series                   = {Wiley Series in Communications Networking \& Distributed Sistems},
  Volume                   = {43}
}

@Book{Spall2005,
  Title                    = {Introduction to stochastic search and optimization: estimation, simulation, and control},
  Author                   = {Spall, J. C.},
  Publisher                = {John Wiley \& Sons},
  Year                     = {2005},
  Series                   = {Wiley Series in Discrete Mathematics and Optimization},
  Volume                   = {65}
}

@Book{Spall2003,
  Title                    = {Introduction to Stochastic Search and Optimization},
  Author                   = {J. C. Spall},
  Publisher                = {Wiley},
  Year                     = {2003}
}

@Article{Sugiyama1981,
  Title                    = {Methods for visual understanding of hierarchical system structures},
  Author                   = {Sugiyama, Kozo and Tagawa, Shojiro and Toda, Mitsuhiko},
  Journal                  = {Systems, Man and Cybernetics, IEEE Transactions on},
  Year                     = {1981},
  Number                   = {2},
  Pages                    = {109--125},
  Volume                   = {11},

  Publisher                = {IEEE}
}

@Article{Traeff1995,
  Title                    = {An experimental comparison of two distributed single-source shortest path algorithms},
  Author                   = {Tr{\"a}ff, Jesper Larsson},
  Journal                  = {Parallel Computing},
  Year                     = {1995},
  Number                   = {9},
  Pages                    = {1505--1532},
  Volume                   = {21},

  Publisher                = {Elsevier}
}

@Article{Vasseur2011,
  Title                    = {RPL: The IP routing protocol designed for low power and lossy networks},
  Author                   = {Vasseur, J and Agarwal, Navneet and Hui, Jonathan and Shelby, Zach and Bertrand, Paul and Chauvenet, Cedric},
  Journal                  = {Internet Protocol for Smart Objects (IPSO) Alliance},
  Year                     = {2011}
}

@TechReport{Winter2012,
  Title                    = {RPL: IPv6 Routing Protocol for Low-Power and Lossy Networks},
  Author                   = {Tim Winter},
  Institution              = {Internet Engineering Task Force},
  Year                     = {2012},

  Owner                    = {iago},
  Timestamp                = {2014.11.28}
}

@InCollection{Wu2004,
  Title                    = {Shortest-Paths Trees},
  Author                   = {Wu, B. Y. and Chao, K.},
  Booktitle                = {Spanning Trees and Optimization Problems},
  Publisher                = {CRC Press},
  Year                     = {2004},
  Pages                    = {23--40}
}

@Article{Yu1996,
  Title                    = {On the max-min 0-1 knapsack problem with robust optimization applications},
  Author                   = {Yu, G.},
  Journal                  = {Operations Research},
  Year                     = {1996},
  Number                   = {2},
  Pages                    = {407--415},
  Volume                   = {44},

  Publisher                = {INFORMS}
}

